<?xml version="1.0" encoding="UTF-8" ?>
<record Numero="14789838" format="InterXMarc_Complet" type="Authority">
<leader>00585c0 au22000272  45  <Pos Code="0004">00585</Pos>
<Pos Code="05" Sens="notice modifiée">c</Pos>
<Pos Code="06" Sens="notice validée par les services d&apos;autorité">0</Pos>
<Pos Code="08" Sens="notice d&apos;autorité">a</Pos>
<Pos Code="09" Sens="titre uniforme musical (TUM)">u</Pos>
<Pos Code="10">2</Pos>
<Pos Code="11">2</Pos>
<Pos Code="1216">00027</Pos>
<Pos Code="17" Sens="autres cas">2</Pos>
<Pos Code="20">4</Pos>
<Pos Code="21">5</Pos>
</leader>
<controlfield tag="001">FRBNF147898389<Pos Code="0001">FR</Pos>
<Pos Code="0204">BNF</Pos>
<Pos Code="0512">14789838</Pos>
<Pos Code="13">9</Pos>
</controlfield>
<controlfield tag="008">950706080814yy    qua       1985      1988                   1   <Pos Code="0001">95</Pos>
<Pos Code="0203">07</Pos>
<Pos Code="0405">06</Pos>
<Pos Code="0607">08</Pos>
<Pos Code="0809">08</Pos>
<Pos Code="1011">14</Pos>
<Pos Code="1213" Sens="ne s&apos;applique pas">yy</Pos>
<Pos Code="1820" Sens="quatuor instrumental">qua</Pos>
<Pos Code="2831">1985</Pos>
<Pos Code="3841">1988</Pos>
<Pos Code="61" Sens="La vedette peut être liée à une notice bibliographique sauf pour l&apos;accès matière RAMEAU">1</Pos>
</controlfield>
<datafield tag="048" ind1=" " ind2=" ">
	<subfield code="a">sa02<Pos Code="0001" Sens="cordes frottées - violon">sa</Pos>
<Pos Code="02">0</Pos>
<Pos Code="03">2</Pos>
</subfield>
	<subfield code="a">sb01<Pos Code="0001" Sens="cordes frottées - alto">sb</Pos>
<Pos Code="02">0</Pos>
<Pos Code="03">1</Pos>
</subfield>
	<subfield code="a">sc01<Pos Code="0001" Sens="cordes frottées - violoncelle">sc</Pos>
<Pos Code="02">0</Pos>
<Pos Code="03">1</Pos>
</subfield>
</datafield>
<datafield tag="100" ind1=" " ind2=" ">
	<subfield code="3">13957066</subfield>
	<subfield code="w">.0..b.....</subfield>
	<subfield code="a">Bacri</subfield>
	<subfield code="m">Nicolas</subfield>
	<subfield code="d">1961-....</subfield>
</datafield>
<datafield tag="144" ind1="1" ind2=" ">
	<subfield code="w">....b.....</subfield>
	<subfield code="a">Esquisses pour un tombeau</subfield>
	<subfield code="p">Op. 18</subfield>
</datafield>
<datafield tag="444" ind1="1" ind2=" ">
	<subfield code="w">....b.....</subfield>
	<subfield code="a">Quatuors</subfield>
	<subfield code="b">Cordes</subfield>
	<subfield code="n">No  3</subfield>
	<subfield code="p">Op. 18</subfield>
</datafield>
<datafield tag="600" ind1=" " ind2=" ">
	<subfield code="a">Révisé en 1989</subfield>
	<subfield code="a">Réunit : &quot;Stèle&quot; - &quot;Déploration&quot; - &quot;Méditation&quot; 
</subfield>
	<subfield code="a">Dédié à  Frédérick Martin 
</subfield>
	<subfield code="a">&quot;In memoriam Alexandre Zemlinsky&quot;</subfield>
	<subfield code="a">Première audition, Amphithéâtre Richelieu (Sorbonne), Paris, 25 février 1992 par le Quatuor Arpeggione</subfield>
</datafield>
<datafield tag="917" ind1=" " ind2=" ">
	<subfield code="o">OPD</subfield>
	<subfield code="a">100122960</subfield>
	<subfield code="b">ATUM</subfield>
</datafield>
<Attr Nom="IDPerenne">ark:/12148/cb14789838n</Attr>
<Attr Nom="NumSource">OPD 100122960</Attr>
<Attr Nom="Source" Sens="BnF catalogue général (depuis 1999)">A</Attr>
<Attr Nom="NumAutoriteLiee">13957066</Attr>
<Attr Nom="DateCreation">06/07/ 1995</Attr>
<Attr Nom="ResponsableCreation">MIGV3_CC</Attr>
<Attr Nom="StructCreation">1</Attr>
<Attr Nom="DateDerniereValidation">08/11/ 2010</Attr>
<Attr Nom="ResponsableDerniereValidation">MIGV4</Attr>
<Attr Nom="StructPremiereValidation">1</Attr>
<Attr Nom="DatePremiereValidation">06/07/ 1995</Attr>
<Attr Nom="ResponsablePremiereValidation">MIGV3_CC</Attr>
<Attr Nom="StructDerniereValidation">1</Attr>
<Attr Nom="NumSource">OPP 13917587</Attr>
</record>
